@article{Blass:1992,
	Author = {Andreas Blass},
	Journal = {Annals of Pure and Applied Logic},
	Pages = {183-200},
	Title = {A game semantics for linear logic},
	Volume = {56},
	Year = {1992}}

@incollection{Blass:1994,
	Author = {Blass, Andreas},
	Booktitle = {Computer Science Logic},
	Editor = {B{\"o}rger, Egon and Gurevich, Yuri and Meinke, Karl},
	Pages = {66-77},
	Publisher = {Springer Berlin Heidelberg},
	Series = {Lecture Notes in Computer Science},
	Title = {Is game semantics necessary?},
	Volume = {832},
	Year = {1994}}

@inproceedings{Blass:1995,
	Address = {New York, NY, USA},
	Author = {Blass, Andreas},
	Booktitle = {Proceedings of the Workshop on Advances in Linear Logic},
	Pages = {61--81},
	Publisher = {Cambridge University Press},
	Title = {Questions and Answers: A Category Arising in Linear Logic Complexity Theory, and Set Theory},
	Year = {1995}}

@article{Blass:1997,
	Author = {Blass, A},
	Journal = {Logic Journal of IGPL},
	Number = {4},
	Pages = {487-503},
	Title = {Some semantical aspects of linear logic},
	Volume = {5},
	Year = {1997}}

@incollection{Felscher:1986,
	Author = {Felscher, Walter},
	Booktitle = {Handbook of Philosophical Logic},
	Editor = {Gabbay, D. and Guenthner, F.},
	Pages = {341-372},
	Publisher = {Springer Netherlands},
	Series = {Synthese Library},
	Title = {Dialogues as a Foundation for Intuitionistic Logic},
	Volume = {166},
	Year = {1986}}

@article{Hyland:1993,
	Author = {Martin Hyland and Valeria de Paiva},
	Journal = {Annals of Pure and Applied Logic},
	Number = {3},
	Pages = {273 - 291},
	Title = {Full intuitionistic linear logic (extended abstract)},
	Volume = {64},
	Year = {1993}}

@incollection{Keiff:2011,
	Author = {Keiff, Laurent},
	Booktitle = {The Stanford Encyclopedia of Philosophy},
	Edition = {Summer 2011},
	Editor = {Edward N. Zalta},
	Title = {Dialogical Logic},
	Year = {2011}}

@article{Rahman:2002,
	Author = {S. Rahman},
	Journal = {Manuscrito},
	Month = {October},
	Pages = {381-432},
	Title = {Un desafio para las teorias cognitivas de la competencia log- ica: los fundamentos pragmaticos de la semantica de la logica linear},
	Volume = {XXV(2)},
	Year = {2002}}

@incollection{Rahman:2005,
	Author = {Rahman, Shahid and Keiff, Laurent},
	Booktitle = {Logic, Thought and Action},
	Editor = {Vanderveken, Daniel},
	Pages = {359-408},
	Publisher = {Springer Netherlands},
	Series = {Logic, Epistemology, and the Unity of Science},
	Title = {On How to Be a Dialogician},
	Volume = {2},
	Year = {2005}}
