@article{Bierman:1996,
	Author = {Gavin Bierman},
	Journal = {Annals of Pure and Applied Logic},
	Number = {3},
	Pages = {281 - 287},
	Title = {A note on full intuitionistic linear logic},
	Volume = {79},
	Year = {1996}}

@techreport{Brauner:1996,
	Author = {Brauner, Torben and Paiva, Valeria},
	Institution = {Computer Laboratory, University of Cambridge},
	Number = {395},
	Title = {Cut-Elimation for Full Intuitionistic Linear Logic},
	Type = {BRICS},
	Year = {1996}}

@incollection{Brauner:1998,
	Author = {Brauner, Torben and Paiva, Valeria},
	Booktitle = {Computer Science Logic},
	Editor = {Nielsen, Mogens and Thomas, Wolfgang},
	Pages = {129-148},
	Publisher = {Springer Berlin Heidelberg},
	Series = {Lecture Notes in Computer Science},
	Title = {A formulation of linear logic based on dependency-relations},
	Volume = {1414},
	Year = {1998}}

@article{Hyland:1993,
	Author = {Martin Hyland and Valeria de Paiva},
	Journal = {Annals of Pure and Applied Logic},
	Number = {3},
	Pages = {273 - 291},
	Title = {Full intuitionistic linear logic (extended abstract)},
	Volume = {64},
	Year = {1993}}

@book{Mellies:2009,
	Author = {Paul-Andre Mellies},
	Title = {Categorical Semantics of Linear Logic},
	Year = {2009}}


@article{dePaiva:2005,
	Author = {Valeria de Paiva and Luiz Carlos Pereira},
	Journal = {MANUSCRITO - Rev. Int. Fil.},
	Number = {2},
	Pages = {317 - 329},
	Title = {A Short Note on Intuitionistic Propositional Logic with Multiple Conclusions},
	Volume = {28},
	Year = {jul-dez 2005}}

@inproceedings{dePaiva:1987,
	Author = {Valeria de Paiva},
	Booktitle = {Categories in Computer Science and Logic},
	Editor = { J. Gray and A. Scedrov},
	Pages = {47-62},
	Publisher = {Amerian Mathemaitcal Society},
	Title = {Dialectica Categories},
	Volume = {92},
	Year = {1989}}


@article{Schellinx:1991,
	Author = {Schellinx, Harold},
	Journal = {Journal of Logic and Computation},
	Number = {4},
	Pages = {537-559},
	Title = {Some Syntactical Observations on Linear Logic},
	Volume = {1},
	Year = {1991}}

@unpublished{dePaiva:2015,
	Author = {Valeria de Paiva},
	Title = {Bounded Dialectica Interpretation: categorically},
        Note = {Under review},
	Year = {2015}}

@book{Takeuti:1975,
	Author = {G. Takeuti},
	Publisher = {Amsterdam: North-Holland},
	Title = {Proof Theory},
	Year = {1975}}

@article{Maehara:1954,
	Author = {Maehara, S.},
	Journal = {Nagoya Mathematical Journal},
	Pages = {45-64},
	Title = {Eine Darstellung der intuitionistischen Logik in der klassischen},
	Volume = {7},
	Year = {1954}}
                  
@phdthesis{dePaiva:1988,
	Author = {Valeria de Paiva},
	School = {University of Cambridge},
	Title = {The Dialectica Categories},
	Year = {1988}}

