@article{Bierman:1996,
	Author = {G.M. Bierman},
	Journal = {Annals of Pure and Applied Logic},
	Number = {3},
	Pages = {281 - 287},
	Title = {A note on full intuitionistic linear logic},
	Volume = {79},
	Year = {1996}}

@techreport{Brauner:1996,
	Author = {Brauner, Torben and Paiva, Valeria},
	Institution = {Computer Laboratory, University of Cambridge},
	Number = {395},
	Title = {Cut-Elimation for Full Intuitionistic Linear Logic},
	Type = {BRICS},
	Year = {1996}}

@incollection{Brauner:1998,
	Author = {Brauner, Torben and Paiva, Valeria},
	Booktitle = {Computer Science Logic},
	Editor = {Nielsen, Mogens and Thomas, Wolfgang},
	Pages = {129-148},
	Publisher = {Springer Berlin Heidelberg},
	Series = {Lecture Notes in Computer Science},
	Title = {A formulation of linear logic based on dependency-relations},
	Volume = {1414},
	Year = {1998}}

@article{Hyland:1993,
	Author = {Martin Hyland and Valeria de Paiva},
	Journal = {Annals of Pure and Applied Logic},
	Number = {3},
	Pages = {273 - 291},
	Title = {Full intuitionistic linear logic (extended abstract)},
	Volume = {64},
	Year = {1993}}
